% Modelos de referências em BibTeX

% ATENCAO:
%
% - para preservar as maiúsculas em siglas nos títulos, use {...}.
    Veja um exemplo na referência "iskandar00" abaixo.

@conference{Dem19,
   author	= {Rogers Demonti},
   title	= {Implantaçao de uma microrrede no Departamento de Engenharia Elétrica da Universidade Federal do Paraná},
   booktitle	= {XVIII ERIAC},
   address	= {Foz do Iguaçu},
   year		= {2019}
}

@phdthesis{Dem03,
   author	= {Rogers Demonti},
   title	= {Processamento da energia elétrica proveniente de módulos fotovoltaicos},
   school	= {Universidade Federal de Santa Catarina}, 
   address	= {Florianópolis},
   month	= {February},
   year		= {2003}
}

@INPROCEEDINGS{Las02,
  author={R. H. {Lasseter}},
  booktitle={2002 IEEE Power Engineering Society Winter Meeting. Conference Proceedings (Cat. No.02CH37309)}, 
  title={MicroGrids}, 
  year={2002},
  volume={1},
  number={},
  pages={305-308 vol.1},
  doi={10.1109/PESW.2002.985003}
}

@mastersthesis{Oli16,
   author	= {Frederico José de Oliveira},
   title	= {Estudo da implementação de um conversor CC-CC aplicado a sistemas fotovoltaicos conectados à rede},
   school	= {Centro Federal de Educação Tecnológica de Minas Gerais}, 
   address	= {Belo Horizonte},
   month	= {July},
   year		= {2016}
}

@booklet{Pet01,
   author	= {Clóvis Antônio Petry},
   title	= {Introdução aos Conversores CC-CC},
   year		= {2001}
}

@inbook{Pom17,
   author	= {José Antenor Pomilio and Helmo Kelis Morales Paredes and Sigmar Maurer Deckmann},
   pages	= {3.1-3.31},
   publisher	= {Universidade Estadual de Campinas},
   title	= {Eletrônica de Potência para Geração, Transmissão e Distribuição de Energia Elétrica},
   year		= {2017}
}

@book{Ian19,
   author	= {Ian Sommerville},
   publisher = {Pearson Brasil},
   title	= {Software Engineering},
   year		= {2019}
}

@article{Tan13,
title = "Advances and trends of energy storage technology in Microgrid",
journal = "International Journal of Electrical Power \& Energy Systems",
volume = "44",
number = "1",
pages = "179 - 191",
year = "2013",
issn = "0142-0615",
doi = "https://doi.org/10.1016/j.ijepes.2012.07.015",
url = "http://www.sciencedirect.com/science/article/pii/S0142061512003754",
author = "Xingguo Tan and Qingmin Li and Hui Wang",
keywords = "Energy storage, Microgrid, Power electronics interface, Control strategy, Trends and challenges"
}

@unpublished{Wal18,
  author = {William Walker},
  title  = {Short Course on Lithium-ion Batteries. Fundamental concepts, battery safety, and modeling techniques},
  year   = {2019}
}

@incollection{War15,
title = "Chapter 2 - History of Vehicle Electrification",
editor = "John Warner",
booktitle = "The Handbook of Lithium-Ion Battery Pack Design",
publisher = "Elsevier",
address = "Amsterdam",
pages = "9 - 21",
year = "2015",
isbn = "978-0-12-801456-1",
doi = "https://doi.org/10.1016/B978-0-12-801456-1.00002-6",
url = "http://www.sciencedirect.com/science/article/pii/B9780128014561000026",
author = "John Warner",
keywords = "Battery, Electric vehicle, History"
}

@book{Zob18,
author = {Zobaa, Ahmed and Ribeiro, Paulo and Abdel Aleem, Shady and Afifi, S.N.},
year = {2018},
month = {09},
pages = {},
title = {Energy Storage at Different Voltage Levels: Technology, integration, and market aspects},
isbn = {9781785613494},
doi = {10.1049/PBPO111E}
}